<record><leader>00000cas a22000007a 4500</leader><controlfield tag="001">12717883</controlfield><controlfield tag="008">851025d18791955wiuwr ne      0    0eng d</controlfield><datafield ind1=" " ind2=" " tag="010"><subfield code="a">sn 85041268 </subfield></datafield><datafield ind1=" " ind2=" " tag="040"><subfield code="a">NPV</subfield><subfield code="b">eng</subfield><subfield code="c">NPV</subfield><subfield code="d">NSD</subfield><subfield code="d">OCLCQ</subfield></datafield><datafield ind1=" " ind2=" " tag="042"><subfield code="a">msc</subfield></datafield><datafield ind1=" " ind2=" " tag="045"><subfield code="a">w7x5</subfield></datafield><datafield ind1=" " ind2=" " tag="052"><subfield code="a">4123</subfield><subfield code="b">R2</subfield></datafield><datafield ind1="0" ind2=" " tag="130"><subfield code="a">Burlington free press (Burlington, Wis.)</subfield></datafield><datafield ind1="1" ind2="0" tag="245"><subfield code="a">Burlington free press.</subfield></datafield><datafield ind1="1" ind2="3" tag="246"><subfield code="a">Free press</subfield></datafield><datafield ind1=" " ind2=" " tag="260"><subfield code="a">Burlington, Wis. :</subfield><subfield code="b">W.A. Colby,</subfield><subfield code="c">-1955.</subfield></datafield><datafield ind1=" " ind2=" " tag="300"><subfield code="a">v. :</subfield><subfield code="b">ill.</subfield></datafield><datafield ind1=" " ind2=" " tag="310"><subfield code="a">Weekly</subfield></datafield><datafield ind1="0" ind2=" " tag="362"><subfield code="a">-v. 78, no. 33 (May 24, 1955).</subfield></datafield><datafield ind1="1" ind2=" " tag="362"><subfield code="a">Began Nov., 1879.</subfield><subfield code="z">Cf. Oehlerts, d. E. Guide to Wis. newspapers.</subfield></datafield><datafield ind1=" " ind2=" " tag="500"><subfield code="a">Publisher varies.</subfield></datafield><datafield ind1=" " ind2=" " tag="500"><subfield code="a">Editor: W.A. Colby, &lt;Feb. 22, 1881&gt;-May 23, 1888.</subfield></datafield><datafield ind1=" " ind2=" " tag="525"><subfield code="a">Supplements accompany some issues.</subfield></datafield><datafield ind1=" " ind2=" " tag="530"><subfield code="a">Available on microfilm from the State Historical Society of Wisconsin.</subfield></datafield><datafield ind1=" " ind2=" " tag="580"><subfield code="a">Merged with: Standard democrat (Burlington, Wis. : 1886), to form: Burlington standard-press.</subfield></datafield><datafield ind1=" " ind2=" " tag="588"><subfield code="a">Description based on: Vol. 2, no. 16 (Feb. 22, 1881).</subfield></datafield><datafield ind1=" " ind2=" " tag="752"><subfield code="a">United States</subfield><subfield code="b">Wisconsin</subfield><subfield code="c">Racine</subfield><subfield code="d">Burlington.</subfield></datafield><datafield ind1="1" ind2="7" tag="785"><subfield code="t">Standard democrat (Burlington, Wis. : 1886)</subfield><subfield code="w">(DLC)sn 87082157</subfield></datafield><datafield ind1="1" ind2="7" tag="785"><subfield code="t">Burlington standard-press</subfield><subfield code="w">(DLC)sn 87082163</subfield></datafield><datafield ind1="1" ind2=" " tag="029"><subfield code="a">AU@</subfield><subfield code="b">000023563263</subfield></datafield></record>